<record><leader>00000cas a22000007a 4500</leader><controlfield tag="001">10206796</controlfield><controlfield tag="008">831209d19071952ohuwr ne      0   a0eng d</controlfield><datafield ind1=" " ind2=" " tag="010"><subfield code="a">sn 84024489 </subfield></datafield><datafield ind1=" " ind2=" " tag="040"><subfield code="a">WIH</subfield><subfield code="b">eng</subfield><subfield code="c">WIH</subfield><subfield code="d">NPV</subfield><subfield code="d">DLC</subfield><subfield code="d">ONP</subfield><subfield code="d">OCL</subfield><subfield code="d">OCLCQ</subfield><subfield code="d">OCLCG</subfield><subfield code="d">OCLCQ</subfield><subfield code="d">OCLCF</subfield><subfield code="d">OCLCO</subfield></datafield><datafield ind1=" " ind2=" " tag="042"><subfield code="a">msc</subfield></datafield><datafield ind1=" " ind2=" " tag="043"><subfield code="a">n-us-oh</subfield></datafield><datafield ind1=" " ind2=" " tag="045"><subfield code="a">x-x-</subfield></datafield><datafield ind1="0" ind2="0" tag="050"><subfield code="a">Newspaper 9214-X</subfield></datafield><datafield ind1=" " ind2=" " tag="052"><subfield code="a">4083</subfield><subfield code="b">H2</subfield></datafield><datafield ind1="0" ind2=" " tag="130"><subfield code="a">Union (Cincinnati, Ohio)</subfield></datafield><datafield ind1="1" ind2="4" tag="245"><subfield code="a">The Union.</subfield></datafield><datafield ind1=" " ind2=" " tag="260"><subfield code="a">Cincinnati, Ohio :</subfield><subfield code="b">Legal Pub. Co.</subfield></datafield><datafield ind1=" " ind2=" " tag="300"><subfield code="a">v. :</subfield><subfield code="b">ill. ;</subfield><subfield code="c">56 cm.</subfield></datafield><datafield ind1=" " ind2=" " tag="310"><subfield code="a">Weekly</subfield></datafield><datafield ind1="1" ind2=" " tag="362"><subfield code="a">Began in 1907; ceased in June 1952?</subfield><subfield code="z">Cf. Gutsegell, S. Guide to Ohio newspapers, 1974.</subfield></datafield><datafield ind1=" " ind2=" " tag="500"><subfield code="a">"Republican," 1907-1924; "Independent, " 1925-1952. Cf. Gutgesell, S. Guide to Ohio Newspapers, 1974.</subfield></datafield><datafield ind1=" " ind2=" " tag="500"><subfield code="a">Editor: W.P. Dabney.</subfield></datafield><datafield ind1=" " ind2=" " tag="515"><subfield code="a">Vol. 14 skipped.</subfield></datafield><datafield ind1=" " ind2=" " tag="515"><subfield code="a">Nov. 13, 1920 issue misdated Nov. 6, 1920; June 3, 1922 issue follows that of May 20, 1922.</subfield></datafield><datafield ind1=" " ind2=" " tag="530"><subfield code="a">Available on microfilm from Bell &amp; Howell Co., Micro Photo Division.</subfield></datafield><datafield ind1=" " ind2=" " tag="588"><subfield code="a">Description based on: Vol. 12, no. 39 (Oct. 5, 1918).</subfield></datafield><datafield ind1=" " ind2="0" tag="650"><subfield code="a">World War, 1939-1945</subfield><subfield code="v">Newspapers.</subfield></datafield><datafield ind1=" " ind2="0" tag="650"><subfield code="a">African Americans</subfield><subfield code="z">Ohio</subfield><subfield code="z">Cincinnati</subfield><subfield code="v">Newspapers.</subfield></datafield><datafield ind1=" " ind2="7" tag="655"><subfield code="a">Newspapers.</subfield><subfield code="2">fast</subfield><subfield code="0">(OCoLC)fst01423814</subfield></datafield><datafield ind1="2" ind2="7" tag="611"><subfield code="a">World War (1939-1945)</subfield><subfield code="2">fast</subfield><subfield code="0">(OCoLC)fst01180924</subfield></datafield><datafield ind1=" " ind2="7" tag="648"><subfield code="a">1939 - 1945</subfield><subfield code="2">fast</subfield></datafield><datafield ind1=" " ind2="7" tag="650"><subfield code="a">African Americans.</subfield><subfield code="2">fast</subfield><subfield code="0">(OCoLC)fst00799558</subfield></datafield><datafield ind1=" " ind2="7" tag="651"><subfield code="a">Ohio</subfield><subfield code="z">Cincinnati.</subfield><subfield code="2">fast</subfield><subfield code="0">(OCoLC)fst01205142</subfield></datafield><datafield ind1="1" ind2=" " tag="700"><subfield code="a">Dabney, Wendell Phillips,</subfield><subfield code="d">1865-1952.</subfield></datafield><datafield ind1=" " ind2=" " tag="752"><subfield code="a">United States</subfield><subfield code="b">Ohio</subfield><subfield code="c">Hamilton</subfield><subfield code="d">Cincinnati.</subfield></datafield></record>